
@Manual{,
title = {SpaDES_sampleModules},
author = {{Authors}},
organization = {Organization},
address = {Somewhere, Someplace},
year = {2015},
url = {},
}
